% Encoding: UTF-8

@INPROCEEDINGS{paper:cuda,

  author={Dehal, Ramandeep Singh and Munjal, Chirag and Ansari, Arquish Ali and Kushwaha, Anup Singh},
  booktitle={2018 International Conference on Advances in Computing, Communication Control and Networking (ICACCCN)}, 
  title={GPU Computing Revolution: CUDA}, 
  year={2018},
  volume={},
  number={},
  pages={197-201},
  doi={10.1109/ICACCCN.2018.8748495}
}

@online{site:nvidiaCudaGuide,
    url = {https://docs.nvidia.com/cuda/cuda-c-programming-guide/#cuda-a-general-purpose-parallel-computing-platform-and-programming-model},
    keywords = {CUDA,programming},
    title = {CUDA C++ Programming Guide},
    author={NVIDIA Corporation},
}

% TODO: how to cite whitepaper?
@online{whitepaper:gtx1080,
    author={NVIDIA Corporation},
    url = {https://www.es.ele.tue.nl/~heco/courses/ECA/GPU-papers/GeForce_GTX_1080_Whitepaper_FINAL.pdf},
    title = {NVIDIA GeForce GTX 1080. Gaming Perfected},
}

@online{whitepaper:pascal,
    author={NVIDIA Corporation},
    url = {https://images.nvidia.com/content/pdf/tesla/whitepaper/pascal-architecture-whitepaper.pdf},
    title = {NVIDIA Tesla P100. The Most Advanced Datacenter Accelerator Ever Built Featuring Pascal GP100, the Worldâ€™s Fastest GPU},
}

@online{site:cudablog,
    url = {https://anuradha-15.medium.com/cuda-thread-indexing-fb9910cba084},
    title = {CUDA Thread Indexing},
    author={Anuradha Karunarathna}
}

@book{vgraph,
  title={Vector models for data-parallel computing},
  author={Blelloch, Guy E},
  volume={2},
  year={1990},
  publisher={Citeseer}
}


@INPROCEEDINGS{paper:stinger,

  author       = {David Ediger and
                  Robert McColl and
                  E. Jason Riedy and
                  David A. Bader},
  title        = {{STINGER:} High performance data structure for streaming graphs},
  booktitle    = {{IEEE} Conference on High Performance Extreme Computing, {HPEC} 2012,
                  Waltham, MA, USA, September 10-12, 2012},
  pages        = {1--5},
  year         = {2012},
  doi          = {10.1109/HPEC.2012.6408680},
}

@article{paper:high_level_distributed_graph,
  author       = {Vasiliki Kalavri and
                  Vladimir Vlassov and
                  Seif Haridi},
  title        = {High-Level Programming Abstractions for Distributed Graph Processing},
  journal      = {{IEEE} Trans. Knowl. Data Eng.},
  volume       = {30},
  number       = {2},
  pages        = {305--324},
  year         = {2018},
  doi          = {10.1109/TKDE.2017.2762294},
}

@article{survey:graph_processing_landscape,
  author       = {Miguel E. Coimbra and
                  Alexandre P. Francisco and
                  Lu{\'{\i}}s Veiga},
  title        = {Distributed graphs: in search of fast, low-latency, resource-efficient,
                  semantics-rich Big-Data processing},
  journal      = {CoRR},
  volume       = {abs/1911.11624},
  year         = {2019},
}

@inproceedings{paper:graphin,
  author       = {Dipanjan Sengupta and
                  Narayanan Sundaram and
                  Xia Zhu and
                  Theodore L. Willke and
                  Jeffrey S. Young and
                  Matthew Wolf and
                  Karsten Schwan},
  editor       = {Pierre{-}Fran{\c{c}}ois Dutot and
                  Denis Trystram},
  title        = {GraphIn: An Online High Performance Incremental Graph Processing Framework},
  booktitle    = {Euro-Par 2016: Parallel Processing - 22nd International Conference
                  on Parallel and Distributed Computing, Grenoble, France, August 24-26,
                  2016, Proceedings},
  volume       = {9833},
  pages        = {319--333},
  year         = {2016},
  doi          = {10.1007/978-3-319-43659-3\_24},
}

@inproceedings {paper:powergraph,
  author       = {Joseph E. Gonzalez and
                  Yucheng Low and
                  Haijie Gu and
                  Danny Bickson and
                  Carlos Guestrin},
  editor       = {Chandu Thekkath and
                  Amin Vahdat},
  title        = {PowerGraph: Distributed Graph-Parallel Computation on Natural Graphs},
  booktitle    = {10th {USENIX} Symposium on Operating Systems Design and Implementation,
                  {OSDI} 2012, Hollywood, CA, USA, October 8-10, 2012},
  pages        = {17--30},
  year         = {2012},
}

@inproceedings {paper:graphx,
  author       = {Joseph E. Gonzalez and
                  Reynold S. Xin and
                  Ankur Dave and
                  Daniel Crankshaw and
                  Michael J. Franklin and
                  Ion Stoica},
  title        = {GraphX: Graph Processing in a Distributed Dataflow Framework},
  booktitle    = {11th {USENIX} Symposium on Operating Systems Design and Implementation,
                  {OSDI} '14, Broomfield, CO, USA, October 6-8, 2014},
  pages        = {599--613},
  year         = {2014},
}


@inproceedings{paper:turbograph,
  author       = {Wook{-}Shin Han and
                  Sangyeon Lee and
                  Kyungyeol Park and
                  Jeong{-}Hoon Lee and
                  Min{-}Soo Kim and
                  Jinha Kim and
                  Hwanjo Yu},
  editor       = {Inderjit S. Dhillon and
                  Yehuda Koren and
                  Rayid Ghani and
                  Ted E. Senator and
                  Paul Bradley and
                  Rajesh Parekh and
                  Jingrui He and
                  Robert L. Grossman and
                  Ramasamy Uthurusamy},
  title        = {TurboGraph: a fast parallel graph engine handling billion-scale graphs
                  in a single {PC}},
  booktitle    = {The 19th {ACM} {SIGKDD} International Conference on Knowledge Discovery
                  and Data Mining, {KDD} 2013, Chicago, IL, USA, August 11-14, 2013},
  pages        = {77--85},
  year         = {2013},
  doi          = {10.1145/2487575.2487581},
}

@inproceedings{paper:ringo,
  author       = {Yonathan Perez and
                  Rok Sosic and
                  Arijit Banerjee and
                  Rohan Puttagunta and
                  Martin Raison and
                  Pararth Shah and
                  Jure Leskovec},
  editor       = {Timos K. Sellis and
                  Susan B. Davidson and
                  Zachary G. Ives},
  title        = {Ringo: Interactive Graph Analytics on Big-Memory Machines},
  booktitle    = {Proceedings of the 2015 {ACM} {SIGMOD} International Conference on
                  Management of Data, Melbourne, Victoria, Australia, May 31 - June
                  4, 2015},
  pages        = {1105--1110},
  year         = {2015},
  doi          = {10.1145/2723372.2735369},
}

@INPROCEEDINGS{paper:llama,
  author       = {Peter Macko and
                  Virendra J. Marathe and
                  Daniel W. Margo and
                  Margo I. Seltzer},
  editor       = {Johannes Gehrke and
                  Wolfgang Lehner and
                  Kyuseok Shim and
                  Sang Kyun Cha and
                  Guy M. Lohman},
  title        = {{LLAMA:} Efficient graph analytics using Large Multiversioned Arrays},
  booktitle    = {31st {IEEE} International Conference on Data Engineering, {ICDE} 2015,
                  Seoul, South Korea, April 13-17, 2015},
  pages        = {363--374},
  year         = {2015},
  doi          = {10.1109/ICDE.2015.7113298},
}


@article{paper:polymer,
  author       = {Kaiyuan Zhang and
                  Rong Chen and
                  Haibo Chen},
  editor       = {Albert Cohen and
                  David Grove},
  title        = {NUMA-aware graph-structured analytics},
  booktitle    = {Proceedings of the 20th {ACM} {SIGPLAN} Symposium on Principles and
                  Practice of Parallel Programming, PPoPP 2015, San Francisco, CA, USA,
                  February 7-11, 2015},
  pages        = {183--193},
  year         = {2015},
  doi          = {10.1145/2688500.2688507},
}


@INPROCEEDINGS{paper:dynamic_graph_gpu,
  author       = {Muhammad A. Awad and
                  Saman Ashkiani and
                  Serban D. Porumbescu and
                  John D. Owens},
  title        = {Dynamic Graphs on the {GPU}},
  booktitle    = {2020 {IEEE} International Parallel and Distributed Processing Symposium
                  (IPDPS), New Orleans, LA, USA, May 18-22, 2020},
  pages        = {739--748},
  year         = {2020},
  doi          = {10.1109/IPDPS47924.2020.00081},
  }

@INPROCEEDINGS{paper:faimgraph,
  author       = {Martin Winter and
                  Daniel Mlakar and
                  Rhaleb Zayer and
                  Hans{-}Peter Seidel and
                  Markus Steinberger},
  title        = {faimGraph: high performance management of fully-dynamic graphs under
                  tight memory constraints on the {GPU}},
  booktitle    = {Proceedings of the International Conference for High Performance Computing,
                  Networking, Storage, and Analysis, {SC} 2018, Dallas, TX, USA, November
                  11-16, 2018},
  pages        = {60:1--60:13},
  year         = {2018},
}

@article{paper:gunrock,
  author       = {Yangzihao Wang and
                  Yuechao Pan and
                  Andrew A. Davidson and
                  Yuduo Wu and
                  Carl Yang and
                  Leyuan Wang and
                  Muhammad Osama and
                  Chenshan Yuan and
                  Weitang Liu and
                  Andy T. Riffel and
                  John D. Owens},
  title        = {Gunrock: {GPU} Graph Analytics},
  journal      = {{ACM} Trans. Parallel Comput.},
  volume       = {4},
  number       = {1},
  pages        = {3:1--3:49},
  year         = {2017},
  doi          = {10.1145/3108140},
}


@INPROCEEDINGS{paper:custinger,

  author       = {Oded Green and
                  David A. Bader},
  title        = {cuSTINGER: Supporting dynamic graph algorithms for GPUs},
  booktitle    = {2016 {IEEE} High Performance Extreme Computing Conference, {HPEC}
                  2016, Waltham, MA, USA, September 13-15, 2016},
  pages        = {1--6},
  year         = {2016},
  doi          = {10.1109/HPEC.2016.7761622},
}


@INPROCEEDINGS{paper:hornet,
  author       = {Federico Busato and
                  Oded Green and
                  Nicola Bombieri and
                  David A. Bader},
  title        = {Hornet: An Efficient Data Structure for Dynamic Sparse Graphs and
                  Matrices on GPUs},
  booktitle    = {2018 {IEEE} High Performance Extreme Computing Conference, {HPEC}
                  2018, Waltham, MA, USA, September 25-27, 2018},
  pages        = {1--7},
  year         = {2018},
  doi          = {10.1109/HPEC.2018.8547541},
}

@mastersthesis{marrow_graph,
    author = {Martinho, Ricardo},
    title = {Grafos DinÃ¢micos em GPU},
    school = {NOVA School of Science and Technology},
    year = {2021},
}

@INPROCEEDINGS{paper:pcsr,
  author       = {Federico Busato and
                  Oded Green and
                  Nicola Bombieri and
                  David A. Bader},
  title        = {Hornet: An Efficient Data Structure for Dynamic Sparse Graphs and
                  Matrices on GPUs},
  booktitle    = {2018 {IEEE} High Performance Extreme Computing Conference, {HPEC}
                  2018, Waltham, MA, USA, September 25-27, 2018},
  pages        = {1--7},
  year         = {2018},
  doi          = {10.1109/HPEC.2018.8547541},
}

@inproceedings{paper:csrpp,
  author       = {Soukaina Firmli and
                  Vasileios Trigonakis and
                  Jean{-}Pierre Lozi and
                  Iraklis Psaroudakis and
                  Alexander Weld and
                  Dalila Chiadmi and
                  Sungpack Hong and
                  Hassan Chafi},
  title        = {{CSR++:} {A} Fast, Scalable, Update-Friendly Graph Data Structure},
  booktitle    = {24th International Conference on Principles of Distributed Systems,
                  {OPODIS} 2020, December 14-16, 2020, Strasbourg, France (Virtual Conference)},
  series       = {LIPIcs},
  volume       = {184},
  pages        = {17:1--17:16},
  year         = {2020},
  doi          = {10.4230/LIPICS.OPODIS.2020.17},
}

@misc{wiki:bsp,
  title = "{Bulk synchronous parallel}",
  author = "{Wikipedia, the free encyclopedia}",
  year = "{2022}",
  url = "{https://en.wikipedia.org/wiki/Bulk_synchronous_parallel}",
}

@online{wiki:graph_theory,
    author = {Wikipedia, the free encyclopedia},
    title = {Graph theory},
    year = {2023},
    url = {https://en.wikipedia.org/wiki/Graph_theory},
}

@INPROCEEDINGS{paper:aimgraph,
  author       = {Martin Winter and
                  Rhaleb Zayer and
                  Markus Steinberger},
  title        = {Autonomous, independent management of dynamic graphs on GPUs},
  booktitle    = {2017 {IEEE} High Performance Extreme Computing Conference, {HPEC}
                  2017, Waltham, MA, USA, September 12-14, 2017},
  pages        = {1--7},
  year         = {2017},
  doi          = {10.1109/HPEC.2017.8091058},
}


@online{dimacs,
    url = {https://www.cc.gatech.edu/dimacs10/},
    year = {2012},
    urldate = {2023-06-29},
    title = {10th DIMACS Implementation Challenge - Graph Partitioning and Graph Clustering},
    author={Center for Discrete Mathematics and Theoretical Computer Science}
}

@inproceedings{paper:mapgraph,
  author       = {Zhisong Fu and
                  Bryan B. Thompson and
                  Michael Personick},
  editor       = {Peter A. Boncz and
                  Josep Llu{\'{\i}}s Larriba{-}Pey},
  title        = {MapGraph: {A} High Level {API} for Fast Development of High Performance
                  Graph Analytics on GPUs},
  booktitle    = {Second International Workshop on Graph Data Management Experiences
                  and Systems, {GRADES} 2014, co-loated with {SIGMOD/PODS} 2014, Snowbird,
                  Utah, USA, June 22, 2014},
  pages        = {2:1--2:6},
  publisher    = {{CWI/ACM}},
  year         = {2014},
  doi          = {10.1145/2621934.2621936},
}

@inproceedings{paper:cusha,
  author       = {Farzad Khorasani and
                  Keval Vora and
                  Rajiv Gupta and
                  Laxmi N. Bhuyan},
  title        = {CuSha: vertex-centric graph processing on GPUs},
  booktitle    = {The 23rd International Symposium on High-Performance Parallel and
                  Distributed Computing, HPDC'14, Vancouver, BC, Canada - June 23 -
                  27, 2014},
  pages        = {239--252},
  year         = {2014},
  doi          = {10.1145/2600212.2600227},
}


@article{survery:graph_processing_on_gpu,
  author       = {Xuanhua Shi and
                  Zhigao Zheng and
                  Yongluan Zhou and
                  Hai Jin and
                  Ligang He and
                  Bo Liu and
                  Qiang{-}Sheng Hua},
  title        = {Graph Processing on GPUs: {A} Survey},
  journal      = {{ACM} Comput. Surv.},
  volume       = {50},
  number       = {6},
  pages        = {81:1--81:35},
  year         = {2018},
  doi          = {10.1145/3128571},
}

 @misc{paper:graph_processing_accelerators,
  author       = {Chuangyi Gui and
                  Long Zheng and
                  Bingsheng He and
                  Cheng Liu and
                  Xinyu Chen and
                  Xiaofei Liao and
                  Hai Jin},
  title        = {A Survey on Graph Processing Accelerators: Challenges and Opportunities},
  journal      = {J. Comput. Sci. Technol.},
  volume       = {34},
  number       = {2},
  pages        = {339--371},
  year         = {2019},
  doi          = {10.1007/S11390-019-1914-Z},
}

@incollection{book:cugraph,
  author       = {Alexandre Fender and
                  Brad Rees and
                  Joe Eaton},
  title        = {{RAPIDS} cuGraph},
  booktitle    = {Massive Graph Analytics},
  pages        = {483--493},
  year         = {2022},
  doi          = {10.1201/9781003033707-22},
}

@InProceedings{paper:marrow,
  author       = {Ricardo Marqu{\'{e}}s and
                  Herv{\'{e}} Paulino and
                  Fernando Alexandre and
                  Pedro D. Medeiros},
  title        = {Algorithmic Skeleton Framework for the Orchestration of {GPU} Computations},
  booktitle    = {Euro-Par 2013 Parallel Processing - 19th International Conference,
                  Aachen, Germany, August 26-30, 2013. Proceedings},
  series       = {Lecture Notes in Computer Science},
  volume       = {8097},
  pages        = {874--885},
  year         = {2013},
  doi          = {10.1007/978-3-642-40047-6\_86},
}


@online{blog:cuda_shared_memory,
    url = {https://developer.nvidia.com/blog/using-shared-memory-cuda-cc},
    keywords = {CUDA,programming, shared memory},
    title = {Using Shared Memory in CUDA C/C++},
}

@inproceedings{paper:pregel,
  author       = {Grzegorz Malewicz and
                  Matthew H. Austern and
                  Aart J. C. Bik and
                  James C. Dehnert and
                  Ilan Horn and
                  Naty Leiser and
                  Grzegorz Czajkowski},
  title        = {Pregel: a system for large-scale graph processing},
  booktitle    = {Proceedings of the {ACM} {SIGMOD} International Conference on Management
                  of Data, {SIGMOD} 2010, Indianapolis, Indiana, USA, June 6-10, 2010},
  pages        = {135--146},
  year         = {2010},
  doi          = {10.1145/1807167.1807184},
}


@article{paper:graphlab,
  author       = {Yucheng Low and
                  Joseph E. Gonzalez and
                  Aapo Kyrola and
                  Danny Bickson and
                  Carlos Guestrin and
                  Joseph M. Hellerstein},
  title        = {GraphLab: {A} New Framework For Parallel Machine Learning},
  journal      = {CoRR},
  volume       = {abs/1408.2041},
  year         = {2014},
}

@inproceedings{paper:xstream,
  author       = {Amitabha Roy and
                  Ivo Mihailovic and
                  Willy Zwaenepoel},
  title        = {X-Stream: edge-centric graph processing using streaming partitions},
  booktitle    = {{ACM} {SIGOPS} 24th Symposium on Operating Systems Principles, {SOSP}
                  '13, Farmington, PA, USA, November 3-6, 2013},
  pages        = {472--488},
  year         = {2013},
  doi          = {10.1145/2517349.2522740},
}


@inproceedings{paper:chaos,
  author       = {Amitabha Roy and
                  Laurent Bindschaedler and
                  Jasmina Malicevic and
                  Willy Zwaenepoel},
  title        = {Chaos: scale-out graph processing from secondary storage},
  booktitle    = {Proceedings of the 25th Symposium on Operating Systems Principles,
                  {SOSP} 2015, Monterey, CA, USA, October 4-7, 2015},
  pages        = {410--424},
  year         = {2015},
  doi          = {10.1145/2815400.2815408},
}

@ARTICLE{paper:medusa,
  author       = {Jianlong Zhong and
                  Bingsheng He},
  title        = {Medusa: Simplified Graph Processing on GPUs},
  journal      = {{IEEE} Trans. Parallel Distributed Syst.},
  volume       = {25},
  number       = {6},
  pages        = {1543--1552},
  year         = {2014},
  doi          = {10.1109/TPDS.2013.111},
}

@misc{paper:slablhash,
  author       = {Saman Ashkiani and
                  Martin Farach{-}Colton and
                  John D. Owens},
  title        = {A Dynamic Hash Table for the {GPU}},
  booktitle    = {2018 {IEEE} International Parallel and Distributed Processing Symposium,
                  {IPDPS} 2018, Vancouver, BC, Canada, May 21-25, 2018},
  pages        = {419--429},
  year         = {2018},
  doi          = {10.1109/IPDPS.2018.00052},
}


@article{paper:gpma,
  author       = {Mo Sha and
                  Yuchen Li and
                  Bingsheng He and
                  Kian{-}Lee Tan},
  title        = {Accelerating Dynamic Graph Analytics on GPUs},
  journal      = {Proc. {VLDB} Endow.},
  volume       = {11},
  number       = {1},
  pages        = {107--120},
  year         = {2017},
  doi          = {10.14778/3151113.3151122},
}

@inproceedings{paper:ligra,
  author       = {Julian Shun and
                  Guy E. Blelloch},
  title        = {Ligra: a lightweight graph processing framework for shared memory},
  booktitle    = {{ACM} {SIGPLAN} Symposium on Principles and Practice of Parallel Programming,
                  PPoPP '13, Shenzhen, China, February 23-27, 2013},
  pages        = {135--146},
  year         = {2013},
  doi          = {10.1145/2442516.2442530},
}


@inproceedings{paper:cilkplus,
  author       = {Charles E. Leiserson},
  title        = {The Cilk++ concurrency platform},
  booktitle    = {Proceedings of the 46th Design Automation Conference, {DAC} 2009,
                  San Francisco, CA, USA, July 26-31, 2009},
  pages        = {522--527},
  year         = {2009},
  doi          = {10.1145/1629911.1630048},
}



  @inproceedings{site:graph_rep,
  author       = {Ryan A. Rossi and
                  Nesreen K. Ahmed},
  title        = {The Network Data Repository with Interactive Graph Analytics and Visualization},
  booktitle    = {Proceedings of the Twenty-Ninth {AAAI} Conference on Artificial Intelligence,
                  January 25-30, 2015, Austin, Texas, {USA}},
  pages        = {4292--4293},
  year         = {2015},
  doi          = {10.1609/AAAI.V29I1.9277},
  }

@misc{cppreference,
  author = {ISO C++ committee (WG21)},
  title = "{std::numeric\_limits::epsilon} - cppreference.com",
  url = {https://en.cppreference.com/w/cpp/types/numeric_limits/epsilon},
}





@article{paper:marrowcompound,
  author       = {F{'{a}}bio Soldado and
                  Fernando Alexandre and
                  Herv{'{e}} Paulino},
  title        = {Execution of compound multi-kernel OpenCL computations in multi-CPU/multi-GPU
                  environments},
  journal      = {Concurr. Comput. Pract. Exp.},
  volume       = {28},
  number       = {3},
  pages        = {768--787},
  year         = {2016},
  doi          = {10.1002/CPE.3612},
}

@inproceedings{paper:marrowparallel,
  author       = {Fernando Alexandre and
                  Ricardo Marqu{'{e}}s and
                  Herv{'{e}} Paulino},
  title        = {On the support of task-parallel algorithmic skeletons for multi-GPU
                  computing},
  booktitle    = {Symposium on Applied Computing, {SAC} 2014, Gyeongju, Republic of
                  Korea - March 24 - 28, 2014},
  pages        = {880--885},
  year         = {2014},
  doi          = {10.1145/2554850.2555018},

}